<collection xmlns="http://www.loc.gov/MARC21/slim">
<record>
  <leader>00936nam0a2200241 i 450 </leader>
  <controlfield tag="001">IT\ICCU\CNCE\000381</controlfield>
  <controlfield tag="005">20050503000000.0</controlfield>
  <datafield tag="012" ind1=" " ind2=" ">
    <subfield code="a">o-it ret: o.j. Huta (C) 1557 (R)</subfield>
    <subfield code="2">fei</subfield>
  </datafield>
  <datafield tag="100" ind1=" " ind2=" ">
    <subfield code="a">19970101d1557        0itac0103    ba</subfield>
  </datafield>
  <datafield tag="101" ind1=" " ind2=" ">
    <subfield code="a">LAT</subfield>
  </datafield>
  <datafield tag="102" ind1=" " ind2=" ">
    <subfield code="a">IT</subfield>
  </datafield>
  <datafield tag="200" ind1="1" ind2=" ">
    <subfield code="a">Esopus constructus moralizatus &amp; historiatus ad vtilitatem discipulorum</subfield>
  </datafield>
  <datafield tag="210" ind1=" " ind2=" ">
    <subfield code="a">Genuae</subfield>
    <subfield code="c">per Antonium de Bellonis</subfield>
    <subfield code="d">1557</subfield>
  </datafield>
  <datafield tag="215" ind1=" " ind2=" ">
    <subfield code="a">\44! c.</subfield>
    <subfield code="c">ill.</subfield>
    <subfield code="d">4ʻ</subfield>
  </datafield>
  <datafield tag="620" ind1=" " ind2=" ">
    <subfield code="a">IT</subfield>
    <subfield code="d">Genova</subfield>
  </datafield>
  <datafield tag="700" ind1=" " ind2="0">
    <subfield code="a">Aesopus</subfield>
    <subfield code="3">IT\ICCU\CNCA\000326</subfield>
  </datafield>
  <datafield tag="712" ind1="0" ind2="0">
    <subfield code="a">Bellone, Antonio</subfield>
    <subfield code="3">IT\ICCU\CNCT\000236</subfield>
    <subfield code="4">650</subfield>
  </datafield>
  <datafield tag="791" ind1="0" ind2="0">
    <subfield code="a">Bellono, Antonio</subfield>
    <subfield code="3">IT\ICCU\CNCT\004315</subfield>
    <subfield code="z">Bellone, Antonio</subfield>
  </datafield>
  <datafield tag="791" ind1="0" ind2="0">
    <subfield code="a">Bellonis, Antonio de</subfield>
    <subfield code="3">IT\ICCU\CNCT\004316</subfield>
    <subfield code="z">Bellone, Antonio</subfield>
  </datafield>
  <datafield tag="791" ind1="0" ind2="0">
    <subfield code="a">Bellonus, Antonius</subfield>
    <subfield code="3">IT\ICCU\CNCT\004317</subfield>
    <subfield code="z">Bellone, Antonio</subfield>
  </datafield>
  <datafield tag="791" ind1="0" ind2="0">
    <subfield code="a">Belonus, Antonius</subfield>
    <subfield code="3">IT\ICCU\CNCT\004318</subfield>
    <subfield code="z">Bellone, Antonio</subfield>
  </datafield>
  <datafield tag="801" ind1=" " ind2="3">
    <subfield code="a">IT</subfield>
    <subfield code="b">ICCU</subfield>
    <subfield code="c">20201113</subfield>
  </datafield>
  <datafield tag="899" ind1=" " ind2=" ">
    <subfield code="a">Biblioteca universitaria. Padova</subfield>
    <subfield code="1">PD0158</subfield>
    <subfield code="2">PUV 00</subfield>
  </datafield>
</record>
</collection>
